<?xml version="1.0" encoding="utf-8"?>
<Document xmlns="urn:iso:std:iso:20022:tech:xsd:pain.001.001.06" xmlns:xsi="http://www.w3.org/2001/XMLSchema-instance" xmlns:ds="http://www.w3.org/2000/09/xmldsig#">
  <CstmrCdtTrfInitn>
    <GrpHdr>
      <MsgId>00000000000000000000001</MsgId>
      <CreDtTm>2001-01-01T00:00:00</CreDtTm>
      <NbOfTxs>1</NbOfTxs>
      <CtrlSum>58.00</CtrlSum>
      <InitgPty>
        <Nm>ООО Рога и Копыта</Nm>
        <Id>
          <OrgId>
            <Othr>
              <Id>0000000000</Id>
              <SchmeNm>
                <Prtry>000000</Prtry>
              </SchmeNm>
            </Othr>
          </OrgId>
        </Id>
      </InitgPty>
    </GrpHdr>
    <PmtInf>
      <PmtInfId>00000000000000000000001</PmtInfId>
      <PmtMtd>TRF</PmtMtd>
      <NbOfTxs>1</NbOfTxs>
      <ReqdExctnDt>2001-01-01</ReqdExctnDt>
      <Dbtr>
        <Nm>ООО Рога и Копыта</Nm>
        <Id>
          <OrgId>
            <Othr>
              <Id>0000000000</Id>
              <SchmeNm>
                <Cd>TXID</Cd>
              </SchmeNm>
            </Othr>
          </OrgId>
        </Id>
      </Dbtr>
      <DbtrAcct>
        <Id>
          <Othr>
            <Id>40702810901300013000</Id>
          </Othr>
        </Id>
        <Ccy>RUB</Ccy>
      </DbtrAcct>
      <DbtrAgt>
        <FinInstnId>
          <ClrSysMmbId>
            <ClrSysId>
              <Cd>RUCBC</Cd>
            </ClrSysId>
            <MmbId>044525593</MmbId>
          </ClrSysMmbId>
          <Nm>АО "АЛЬФА-БАНК", Г МОСКВА, УЛ КАЛАНЧЁВСКАЯ, 27</Nm>
          <PstlAdr>
            <Ctry>RU</Ctry>
          </PstlAdr>
        </FinInstnId>
      </DbtrAgt>
      <DbtrAgtAcct>
        <Id>
          <Othr>
            <Id>30101810200000000593</Id>
            <SchmeNm>
              <Cd>BBAN</Cd>
            </SchmeNm>
          </Othr>
        </Id>
      </DbtrAgtAcct>
      <CdtTrfTxInf>
        <PmtId>
          <InstrId>00000000000000000000001</InstrId>
          <EndToEndId>85114</EndToEndId>
        </PmtId>
        <PmtTpInf>
          <SvcLvl>
            <Cd>NURG</Cd>
          </SvcLvl>
        </PmtTpInf>
        <Amt>
          <InstdAmt Ccy="RUB">58.00</InstdAmt>
        </Amt>
        <ChrgBr>DEBT</ChrgBr>
        <CdtrAgt>
          <FinInstnId>
            <ClrSysMmbId>
              <ClrSysId>
                <Cd>RUCBC</Cd>
              </ClrSysId>
              <MmbId>044525593</MmbId>
            </ClrSysMmbId>
            <Nm>АО "АЛЬФА-БАНК", Г МОСКВА, УЛ КАЛАНЧЁВСКАЯ, 27</Nm>
            <PstlAdr>
              <Ctry>RU</Ctry>
            </PstlAdr>
          </FinInstnId>
        </CdtrAgt>
        <CdtrAgtAcct>
          <Id>
            <Othr>
              <Id>30101810200000000593</Id>
            </Othr>
          </Id>
        </CdtrAgtAcct>
        <Cdtr>
          <Nm>ООО Копыта и Рога</Nm>
          <PstlAdr>
            <Ctry>RU</Ctry>
          </PstlAdr>
          <Id>
            <OrgId>
              <Othr>
                <Id>5036045205</Id>
                <SchmeNm>
                  <Cd>TXID</Cd>
                </SchmeNm>
              </Othr>
            </OrgId>
          </Id>
        </Cdtr>
        <CdtrAcct>
          <Id>
            <Othr>
              <Id>40702810001850000500</Id>
              <SchmeNm>
                <Cd>BBAN</Cd>
              </SchmeNm>
            </Othr>
          </Id>
        </CdtrAcct>
        <Purp>
          <Prtry>5</Prtry>
        </Purp>
        <Tax>
          <Cdtr>
            <TaxTp>509950001</TaxTp>
          </Cdtr>
          <Dbtr>
            <TaxTp>997350001</TaxTp>
          </Dbtr>
        </Tax>
        <RmtInf>
          <Ustrd>Пополнение расчетного счета предприятия для текущей деятельности. НДС не облагается</Ustrd>
          <Strd>
            <RfrdDocInf>
              <Tp>
                <CdOrPrtry>
                  <Prtry>POD</Prtry>
                </CdOrPrtry>
              </Tp>
              <RltdDt>2001-01-01</RltdDt>
            </RfrdDocInf>
          </Strd>
        </RmtInf>
      </CdtTrfTxInf>
    </PmtInf>
    <SplmtryData>
      <Envlp>
        <SngtrSt>
        </SngtrSt>
      </Envlp>
    </SplmtryData>
  </CstmrCdtTrfInitn>
</Document>